<record><leader>00000cas a22000007a 4500</leader><controlfield tag="001">11472245</controlfield><controlfield tag="008">841210d18921924ncuwr ne      0    0eng  </controlfield><datafield ind1=" " ind2=" " tag="010"><subfield code="a">sn 84020726 </subfield></datafield><datafield ind1=" " ind2=" " tag="040"><subfield code="a">DLC</subfield><subfield code="b">eng</subfield><subfield code="c">DLC</subfield><subfield code="d">OCL</subfield><subfield code="d">NVJ</subfield><subfield code="d">DLC</subfield><subfield code="d">OCLCQ</subfield></datafield><datafield ind1=" " ind2=" " tag="042"><subfield code="a">msc</subfield></datafield><datafield ind1="0" ind2="0" tag="050"><subfield code="a">Newspaper</subfield></datafield><datafield ind1="0" ind2="4" tag="245"><subfield code="a">The Sampson Democrat.</subfield></datafield><datafield ind1="1" ind2="3" tag="246"><subfield code="a">Democrat</subfield></datafield><datafield ind1=" " ind2=" " tag="260"><subfield code="a">Clinton, Sampson County, N.C. :</subfield><subfield code="b">W.A. Johnson</subfield></datafield><datafield ind1=" " ind2=" " tag="300"><subfield code="a">v. ;</subfield><subfield code="c">61 cm.</subfield></datafield><datafield ind1=" " ind2=" " tag="310"><subfield code="a">Weekly</subfield></datafield><datafield ind1="1" ind2=" " tag="362"><subfield code="a">Began in 1892.</subfield></datafield><datafield ind1="0" ind2=" " tag="362"><subfield code="a">-v. 32, no. 9 (Feb. 28, 1924).</subfield></datafield><datafield ind1=" " ind2=" " tag="500"><subfield code="a">Democratic.</subfield></datafield><datafield ind1=" " ind2=" " tag="588"><subfield code="a">Description based on: Vol. 1, no. 10 (Oct. 20, 1892).</subfield></datafield><datafield ind1=" " ind2=" " tag="752"><subfield code="a">United States</subfield><subfield code="b">North Carolina</subfield><subfield code="c">Sampson</subfield><subfield code="d">Clinton.</subfield></datafield><datafield ind1=" " ind2=" " tag="752"><subfield code="a">United States</subfield><subfield code="b">North Carolina</subfield><subfield code="c">Pender</subfield><subfield code="d">Burgaw.</subfield></datafield><datafield ind1="0" ind2="5" tag="780"><subfield code="t">Pender star</subfield></datafield><datafield ind1="0" ind2="7" tag="785"><subfield code="t">News dispatch (Clinton, N.C.)</subfield><subfield code="w">(DLC)sn 91068085</subfield></datafield><datafield ind1="0" ind2="7" tag="785"><subfield code="t">News dispatch, the Sampson Democrat</subfield><subfield code="w">(DLC)sn 92074040</subfield></datafield><datafield ind1="1" ind2=" " tag="029"><subfield code="a">AU@</subfield><subfield code="b">000026222583</subfield></datafield></record>